% This file was created with JabRef 2.10.
% Encoding: Cp1252




@Article{quddus2007current,
  Title                    = {Current map-matching algorithms for transport applications: State-of-the art and future research directions},
  Author                   = {Quddus, Mohammed A and Ochieng, Washington Y and Noland, Robert B},
  Journal                  = {Transportation Research Part C: Emerging Technologies},
  Year                     = {2007},
  Number                   = {5},
  Pages                    = {312--328},
  Volume                   = {15},

  Publisher                = {Elsevier}
}


@InProceedings{sunderrajan2014map,
  Title                    = {Map stream: initializing what-if analyses for real-time symbiotic traffic simulations},
  Author                   = {Sunderrajan, Abhinav and Aydt, Heiko and Cai, Wentong and Knoll, Aaron},
  Booktitle                = {Simulation Conference (WSC), 2014 Winter},
  Year                     = {2014},
  Organization             = {IEEE},
  Pages                    = {2896--2906}
}

@article{geisberger2012exact,
  title={Exact routing in large road networks using contraction hierarchies},
  author={Geisberger, Robert and Sanders, Peter and Schultes, Dominik and Vetter, Christian},
  journal={Transportation Science},
  volume={46},
  number={3},
  pages={388--404},
  year={2012},
  publisher={INFORMS}
}

@inproceedings{luxen-vetter-2011,
 author = {Luxen, Dennis and Vetter, Christian},
 title = {Real-time routing with OpenStreetMap data},
 booktitle = {Proceedings of the 19th ACM SIGSPATIAL International Conference on Advances in Geographic Information Systems},
 series = {GIS '11},
 year = {2011},
 isbn = {978-1-4503-1031-4},
 location = {Chicago, Illinois},
 pages = {513--516},
 numpages = {4},
 url = {http://doi.acm.org/10.1145/2093973.2094062},
 doi = {10.1145/2093973.2094062},
 acmid = {2094062},
 publisher = {ACM},
 address = {New York, NY, USA},
}

@Article{asakura2015incident,
  Title                    = {Incident Detection Methods Using Probe Vehicles with On-board GPS Equipment},
  Author                   = {Asakura, Yasuo and Kusakabe, Takahiko and Long, Nguyen Xuan and Ushiki, Takamasa},
  Journal                  = {Transportation Research Procedia},
  Year                     = {2015},
  Pages                    = {pages 17--27},
  Volume                   = {6},

  Publisher                = {Elsevier}
}

@InProceedings{de2008traffic,
  Title                    = {Traffic estimation and prediction based on real time floating car data},
  Author                   = {De Fabritiis, Corrado and Ragona, Roberto and Valenti, Gaetano},
  Booktitle                = {Intelligent Transportation Systems, 2008. ITSC 2008. 11th International IEEE Conference on},
  Year                     = {2008},
  Organization             = {IEEE},
  Pages                    = {197--203}
}
@Article{nanthawichit2003application,
  Title                    = {Application of probe-vehicle data for real-time traffic-state estimation and short-term travel-time prediction on a freeway},
  Author                   = {Nanthawichit, Chumchoke and Nakatsuji, Takashi and Suzuki, Hironori},
  Journal                  = {Transportation Research Record: Journal of the Transportation Research Board},
  Year                     = {2003},
  Number                   = {1855},
  Pages                    = {49--59},

  Publisher                = {Transportation Research Board of the National Academies}
}

@InProceedings{dai2003simulation,
  Title                    = {A simulation evaluation of a real-time traffic information system using probe vehicles},
  Author                   = {Dai, Xiaowen and Ferman, Martin and Roesser, Robert P and others},
  Booktitle                = {Intelligent Transportation Systems, 2003. Proceedings. 2003 IEEE},
  Year                     = {2003},
  Organization             = {IEEE},
  Pages                    = {475--480},
  Volume                   = {1}
}
@InProceedings{hong2007spatial,
  Title                    = {Spatial and temporal analysis of probe vehicle-based sampling for real-time traffic information system},
  Author                   = {Hong, Jun and Zhang, Xuedan and Wei, Zhongya and Li, Li and Ren, Yong},
  Booktitle                = {Intelligent Vehicles Symposium, IEEE},
  Year                     = {2007},
  Organization             = {IEEE},
  Pages                    = {1234--1239}
}


@InProceedings{kerner2005traffic,
  Title                    = {Traffic state detection with floating car data in road networks},
  Author                   = {Kerner, BS and Demir, C and Herrtwich, RG and Klenov, SL and Rehborn, H and Haug, A and others},
  Booktitle                = {Intelligent Transportation Systems, Proceedings. IEEE},
  Year                     = {2005},
  Organization             = {IEEE},
  Pages                    = {44--49}
}

@inproceedings{chen2016,
 author = {Chen, Tianqi and Guestrin, Carlos},
 title = {{XGBoost}: A Scalable Tree Boosting System},
 booktitle = {Proceedings of the 22nd ACM SIGKDD International Conference on Knowledge Discovery and Data Mining},
 series = {KDD '16},
 year = {2016},
 isbn = {978-1-4503-4232-2},
 location = {San Francisco, California, USA},
 pages = {785--794},
 numpages = {10},
 url = {http://doi.acm.org/10.1145/2939672.2939785},
 doi = {10.1145/2939672.2939785},
 acmid = {2939785},
 publisher = {ACM},
 address = {New York, NY, USA},
 keywords = {large-scale machine learning},
}

@article{jenelius2013travel,
  title={Travel time estimation for urban road networks using low frequency probe vehicle data},
  author={Jenelius, Erik and Koutsopoulos, Haris N},
  journal={Transportation Research Part B: Methodological},
  volume={53},
  pages={64--81},
  year={2013},
  publisher={Elsevier}
}

@inproceedings{newson2009hidden,
  title={Hidden Markov map matching through noise and sparseness},
  author={Newson, Paul and Krumm, John},
  booktitle={Proceedings of the 17th ACM SIGSPATIAL international conference on advances in geographic information systems},
  pages={336--343},
  year={2009},
  organization={ACM}
}
@inproceedings{wang2018will,
  title={When Will You Arrive? Estimating Travel Time Based on Deep Neural Networks},
  author={Wang, Dong and Zhang, Junbo and Cao, Wei and Li, Jian and Zheng, Yu},
  year={2018},
  organization={AAAI}
}

@incollection{schapire2003boosting,
  title={The boosting approach to machine learning: An overview},
  author={Schapire, Robert E},
  booktitle={Nonlinear estimation and classification},
  pages={149--171},
  year={2003},
  publisher={Springer}
}