%  a sample bibliography file
%  

@article{Moirae,
 title={Moirae: History-Enhanced Monitoring.},
  author={Balazinska, Magdalena and Kwon, YongChul and Kuchta, Nathan and Lee, Dennis},
  booktitle={CIDR},
  pages={375--386},
  year={2007}
}

@article{Dejavu,
  title={Dejavu: declarative pattern matching over live and archived streams of events},
  author={Dindar, Nihal and G{\"u}{\c{c}}, Baris and Lau, Patrick and Ozal, Asli and Soner, Merve and Tatbul, Nesime},
  booktitle={Proceedings of the 2009 ACM SIGMOD International Conference on Management of data},
  pages={1023--1026},
  year={2009},
  organization={ACM}
}

@article{NiagaraST-latte,
  title={Travel time estimation using NiagaraST and latte},
  author={Tufte, Kristin and Li, Jin and Maier, David and Papadimos, Vassilis  and Bertini, Robert and Rucker, James},
  booktitle={Demonstration: 2007 ACM SIGMOD Conference on Management of Data},
  year={2007},
  organization={ACM}
}

@inproceedings{tufte2007travel,
  title={Travel time estimation using NiagaraST and latte},
  author={Tufte, Kristin and Li, Jin and Maier, David and Papadimos, Vassilis and Bertini, Robert L and Rucker, James},
  booktitle={Proceedings of the 2007 ACM SIGMOD international conference on Management of data},
  pages={1091--1093},
  year={2007},
  organization={ACM}
}

@inproceedings{Babcock:2002:MID:543613.543615,
 author = {Babcock, Brian and Babu, Shivnath and Datar, Mayur and Motwani, Rajeev and Widom, Jennifer},
 title = {Models and Issues in Data Stream Systems},
 booktitle = {Proceedings of the Twenty-first ACM SIGMOD-SIGACT-SIGART Symposium on Principles of Database Systems},
 series = {PODS '02},
 year = {2002},
 isbn = {1-58113-507-6},
 location = {Madison, Wisconsin},
 pages = {1--16},
 numpages = {16},
 url = {http://doi.acm.org/10.1145/543613.543615},
 doi = {10.1145/543613.543615},
 acmid = {543615},
 publisher = {ACM},
 address = {New York, NY, USA},
}

@article{Vitter:1985:RSR:3147.3165,
 author = {Vitter, Jeffrey S.},
 title = {Random Sampling with a Reservoir},
 journal = {ACM Trans. Math. Softw.},
 issue_date = {March 1985},
 volume = {11},
 number = {1},
 month = mar,
 year = {1985},
 issn = {0098-3500},
 pages = {37--57},
 numpages = {21},
 url = {http://doi.acm.org/10.1145/3147.3165},
 doi = {10.1145/3147.3165},
 acmid = {3165},
 publisher = {ACM},
 address = {New York, NY, USA},
} 

@inproceedings{babcock2002sampling,
  title={Sampling from a moving window over streaming data},
  author={Babcock, Brian and Datar, Mayur and Motwani, Rajeev},
  booktitle={Proceedings of the thirteenth annual ACM-SIAM symposium on Discrete algorithms},
  pages={633--634},
  year={2002},
  organization={Society for Industrial and Applied Mathematics}
}

@inproceedings{ziekow2014challenge,
 author = {Holger Ziekow and Zbigniew Jerzak},  title = {{The DEBS 2014 Grand Challenge}},  booktitle = {Proceedings of the 8th ACM International Conference on Distributed Event-based Systems},  series = {DEBS '14},  year = {2014},  location = {Mumbai, India},  publisher = {ACM},  address = {New York, NY, USA} } 


@article{tucker2003exploiting,
  title={Exploiting punctuation semantics in continuous data streams},
  author={Tucker, Peter A. and Maier, David and Sheard, Tim and Fegaras, Leonidas},
  journal={Knowledge and Data Engineering, IEEE Transactions on},
  volume={15},
  number={3},
  pages={555--568},
  year={2003},
  publisher={IEEE}
}

@misc{redis,
  title = {Redis data structure server. http://redis.io/},
  url = {http://redis.io/},
}

@misc{esper,
  title = {EsperTech Event Series Intelligence. http://esper.codehaus.org/},
  url = {http://esper.codehaus.org/},
}

@misc{lmax,
  title = {{LMAX Disruptor:
  High performance alternative to bounded queues for exchanging data between concurrent threads. http://code.google.com/p/disruptor/}},
  url = {http://code.google.com/p/disruptor/},
   year={2011},
}

@misc{storm,
  title = {{STORM: Distributed and fault-tolerant real-time computation. http://storm.incubator.apache.org/}},
 url={http://storm.incubator.apache.org/},
}

@misc{sun,
  title = {{Memory Management in the Java Hotspot Virtual Machine. Sun Microsystems (2006).}},
}




