% This file was created with JabRef 2.10.
% Encoding: Cp1252


@InProceedings{aydt2012symbiotic,
  Title                    = {Symbiotic simulation for future electro-mobility transportation systems},
  Author                   = {Aydt, Heiko and Lees, Michael and Knoll, Alois},
  Booktitle                = {Proceedings of the 2012 Winter Simulation Conference},
  Year                     = {2012},

  Address                  = {Piscataway, New Jersey: Institute of Electrical and Electronics Engineers, Inc.},
  Editor                   = {C. Laroque and J. Himmelspach and R. Pasupathy and O. Rose and A. M. Uhrmacher},
  Pages                    = {1--12},

  Articleno                = {149},
  Numpages                 = {12}
}

@InProceedings{aydt2008preventive,
  Title                    = {Preventive what-if analysis in symbiotic simulation},
  Author                   = {Aydt, Heiko and Turner, Stephen John and Cai, Wentong and Low, Malcolm Yoke-Hean and Lendermann, Peter and Gan, Boon Ping and Ayani, Rassul},
  Booktitle                = {Proceedings of Winter Simulation Conference (WSC '08)},
  Year                     = {2008},
  Editor                   = {S. J. Mason, R. R. Hill, L. Mönch, O. Rose, T. Jefferson, J. W. Fowler},
  Organization             = {IEEE},
  Pages                    = {750--758}
}

@InProceedings{babcock2002models,
  Title                    = {Models and issues in data stream systems},
  Author                   = {Babcock, Brian and Babu, Shivnath and Datar, Mayur and Motwani, Rajeev and Widom, Jennifer},
  Booktitle                = {Proceedings of the twenty-first ACM SIGMOD-SIGACT-SIGART Symposium on Principles of Database Systems},
  Year                     = {2002},
  Organization             = {ACM},
  Pages                    = {1--16}
}

@Article{finkel1974quad,
  Title                    = {Quad trees a data structure for retrieval on composite keys},
  Author                   = {Finkel, Raphael A. and Bentley, Jon Louis},
  Journal                  = {Acta Informatica},
  Year                     = {1974},
  Number                   = {1},
  Pages                    = {1--9},
  Volume                   = {4},

  Publisher                = {Springer}
}

@TechReport{fujimotoeditors,
  Title                    = {Grand challenges for modeling and simulation},
  Author                   = {Fujimoto, R and Lunceford, D and Page, E},
  Institution              = {Dagstuhl report},
  Year                     = {2002},

  Address                  = {Schloss Dagstuhl},
  Note                     = {Seminar No 02351},
  Number                   = {No. 350}
}

@InProceedings{goh2012online,
  Title                    = {Online map-matching based on hidden markov model for real-time traffic sensing applications},
  Author                   = {Goh, Chong Yang and Dauwels, Justin and Mitrovic, N and Asif, MT and Oran, A and Jaillet, P},
  Booktitle                = {Proceedings of 15th International IEEE Conference on Intelligent Transportation Systems (ITSC), 2012},
  Year                     = {2012},
  Pages                    = {776--781}
}

@Article{jagadeesh2004map,
  Title                    = {A map matching method for GPS based real-time vehicle location},
  Author                   = {Jagadeesh, GR and Srikanthan, T and Zhang, XD},
  Journal                  = {Journal of Navigation},
  Year                     = {2004},
  Number                   = {03},
  Pages                    = {429--440},
  Volume                   = {57},

  Publisher                = {Cambridge Univ Press}
}

@InProceedings{krumm2007map,
  Title                    = {Map matching with travel time constraints},
  Author                   = {Krumm, John and Letchner, Julie and Horvitz, Eric},
  Booktitle                = {(SAE) 2007 World Congress},
  Year                     = {2007},

  Address                  = {Detroit, MI USA}
}

@Article{mohring2007partitioning,
  Title                    = {Partitioning graphs to speedup Dijkstra's algorithm},
  Author                   = {M{\"o}hring, Rolf H and Schilling, Heiko and Sch{\"u}tz, Birk and Wagner, Dorothea and Willhalm, Thomas},
  Journal                  = {Journal of Experimental Algorithmics (JEA)},
  Year                     = {2007},
  Pages                    = {2--8},

  Publisher                = {ACM}
}

@Misc{STORM,
  Title                    = {STORM: Distributed and fault-tolerant real-time computation},

  Author                   = {Marz, Nathan},
  HowPublished             = {\url{http://storm.incubator.apache.org/}},
  Year                     = {2012},

  Organization             = {Twitter}
}

@InProceedings{newson2009hidden,
  Title                    = {Hidden Markov map matching through noise and sparseness},
  Author                   = {Newson, Paul and Krumm, John},
  Booktitle                = {Proceedings of the 17th ACM SIGSPATIAL International Conference on Advances in Geographic Information Systems},
  Year                     = {2009},
  Pages                    = {336--343}
}

@Article{obradovic2006fusion,
  Title                    = {Fusion of map and sensor data in a modern car navigation system},
  Author                   = {Obradovic, Dragan and Lenz, Henning and Schupfner, Markus},
  Journal                  = {Journal of VLSI signal processing systems for signal, image and video technology},
  Year                     = {2006},
  Pages                    = {111--122},

  Publisher                = {Springer}
}

@Article{quddus2007current,
  Title                    = {Current map-matching algorithms for transport applications: State-of-the art and future research directions},
  Author                   = {Quddus, Mohammed A and Ochieng, Washington Y and Noland, Robert B},
  Journal                  = {Transportation Research Part C: Emerging Technologies},
  Year                     = {2007},
  Number                   = {5},
  Pages                    = {312--328},
  Volume                   = {15},

  Publisher                = {Elsevier}
}

@Article{rabiner1989tutorial,
  Title                    = {A tutorial on hidden Markov models and selected applications in speech recognition},
  Author                   = {Rabiner, Lawrence},
  Journal                  = {Proceedings of the IEEE},
  Year                     = {1989},
  Number                   = {2},
  Pages                    = {257--286},
  Volume                   = {77},

  Publisher                = {IEEE}
}

@Book{venners1996inside,
  Title                    = {Inside the Java Virtual Machine},
  Author                   = {Venners, Bill},
  Publisher                = {McGraw-Hill, Inc.},
  Year                     = {1996}
}

@TechReport{wang2011challenges,
  Title                    = {Challenges and opportunities in exploiting large-scale GPS probe data},
  Author                   = {Wang, Yin and Zhu, Yanmin and He, Zhaocheng and Yue, Yang and Li, Qingquan},
  Institution              = {HP Laboratories},
  Year                     = {2011},
  Number                   = {No. 109}
}

@InProceedings{yin2004weight,
  Title                    = {A weight-based map matching method in moving objects databases},
  Author                   = {Yin, Huabei and Wolfson, Ouri},
  Booktitle                = {Proceedings of 16th International Conference on Scientific and Statistical Database Management},
  Year                     = {2004},

  Address                  = {IEEE Computer Society, Washington, DC, USA},
  Pages                    = {437--438}
}

